<record><leader>00000cas a2200000 a 4500</leader><controlfield tag="001">11805174</controlfield><controlfield tag="008">850314d19451947ksuwr ne      0   a0eng d</controlfield><datafield ind1=" " ind2=" " tag="010"><subfield code="a">sn 85029080 </subfield></datafield><datafield ind1=" " ind2=" " tag="040"><subfield code="a">KSH</subfield><subfield code="b">eng</subfield><subfield code="c">KSH</subfield><subfield code="d">NPT</subfield><subfield code="d">OCL</subfield><subfield code="d">OCLCQ</subfield></datafield><datafield ind1=" " ind2=" " tag="042"><subfield code="a">msc</subfield></datafield><datafield ind1="0" ind2="4" tag="245"><subfield code="a">The Meriden advocate.</subfield></datafield><datafield ind1=" " ind2=" " tag="260"><subfield code="a">Meriden, Kan. :</subfield><subfield code="b">Mirror Press,</subfield><subfield code="c">-1947</subfield><subfield code="e">(Perry, Kan.)</subfield></datafield><datafield ind1=" " ind2=" " tag="300"><subfield code="a">v. :</subfield><subfield code="b">ill. ;</subfield><subfield code="c">51 cm.</subfield></datafield><datafield ind1=" " ind2=" " tag="310"><subfield code="a">Weekly</subfield></datafield><datafield ind1="0" ind2=" " tag="362"><subfield code="a">-v. 3, no. 18 (Sept. 12, 1947).</subfield></datafield><datafield ind1="1" ind2=" " tag="362"><subfield code="a">Began in 1945.</subfield><subfield code="z">Cf. Ayer, 1946.</subfield></datafield><datafield ind1=" " ind2=" " tag="500"><subfield code="a">Published by: Lucille Hord, Clark Hord, June 8, 1945-May 30, 1947; Henry J. Weltmer, Jr., June 6-Sept. 12, 1947.</subfield></datafield><datafield ind1=" " ind2=" " tag="588"><subfield code="a">Description based on: Vol. 1, no. 4 (June 8, 1945).</subfield></datafield><datafield ind1=" " ind2=" " tag="752"><subfield code="a">United States</subfield><subfield code="b">Kansas</subfield><subfield code="c">Jefferson</subfield><subfield code="d">Meriden.</subfield></datafield><datafield ind1="0" ind2="4" tag="785"><subfield code="t">Perry mirror (Perry, Kan. : 1898)</subfield><subfield code="w">(DLC)sn 85029115</subfield></datafield></record>